@INPROCEEDINGS{pol,
   author = {{Wiktorowicz}, S. and {Laughlin}, G.~P.},
    title = "{Observation of a Transit Ingress of HD 80606b in Polarized Light}",
booktitle = {American Astronomical Society Meeting Abstracts \#223},
     year = 2014,
   series = {American Astronomical Society Meeting Abstracts},
   volume = 223,
    month = jan,
    pages = {411.02},
   adsurl = {http://adsabs.harvard.edu/abs/2014AAS...22341102W},
  adsnote = {Provided by the SAO/NASA Astrophysics Data System}
}

@ARTICLE{orbparam,
   author = {{Pont}, F. and {H{\'e}brard}, G. and {Irwin}, J.~M. and {Bouchy}, F. and 
	{Moutou}, C. and {Ehrenreich}, D. and {Guillot}, T. and {Aigrain}, S. and 
	{Bonfils}, X. and {Berta}, Z. and {Boisse}, I. and {Burke}, C. and 
	{Charbonneau}, D. and {Delfosse}, X. and {Desort}, M. and {Eggenberger}, A. and 
	{Forveille}, T. and {Lagrange}, A.-M. and {Lovis}, C. and {Nutzman}, P. and 
	{Pepe}, F. and {Perrier}, C. and {Queloz}, D. and {Santos}, N.~C. and 
	{S{\'e}gransan}, D. and {Udry}, S. and {Vidal-Madjar}, A.},
    title = "{Spin-orbit misalignment in the HD 80606{\ensp}planetary system}",
  journal = {\aap},
archivePrefix = "arXiv",
   eprint = {0906.5605},
 primaryClass = "astro-ph.EP",
 keywords = {stars: planetary systems},
     year = 2009,
    month = aug,
   volume = 502,
    pages = {695-703},
      doi = {10.1051/0004-6361/200912463},
   adsurl = {http://adsabs.harvard.edu/abs/2009A%26A...502..695P},
  adsnote = {Provided by the SAO/NASA Astrophysics Data System}
}
